@book{esl,
  author = {Hastie, T and Tibshirani, R and Friedman, J},
  booktitle = {Springer New York USA HuberW},
  doi = {10.1007/978-0-387-84858-7},
  isbn = {0387952845},
  issn = {00111287},
  pages = {764},
  title = {{The Elements of Statistical Learning}},
  url = {http://www.amazon.ca/exec/obidos/redirect?tag=citeulike09-20\&amp;path=ASIN/0387952845},
  volume = {18},
  year = {2001}
}
@book{isl,
  author = {James, Gareth and Witten, Daniela and Hastie, Trevor and Tibshirani, Robert},
  booktitle = {with Applications in R},
  isbn = {1461471389},
  pages = {440},
  title = {{An Introduction to Statistical Learning}},
  url = {http://books.google.de/books?id=qcI\_AAAAQBAJ\&pg=PA7\&dq=intitle:An+Introductionto+StatisticalLearning\&hl=\&cd=1\&source=gbs\_api$\backslash$npapers2://publication/uuid/C73D8DAF-B724-48E9-A439-A8E8B429F8CC},
  year = {2013}
}
@book{sheather,
  author = {Sheather, S J},
  booktitle = {October},
  doi = {10.1007/978-0-387-09608-7},
  isbn = {9780387096070},
  issn = {1431875X},
  pages = {392},
  title = {{A Modern Approach to Regression with R}},
  url = {http://www.springerlink.com/index/10.1007/978-0-387-09608-7},
  year = {2009}
}