
@incollection{bourg_1_2000,
	address = {Paris cedex 14},
	series = {La {Politique} éclatée},
	title = {1 - {Les} origines religieuses de l’idée de progrès},
	isbn = {978-2-13-050927-1},
	shorttitle = {1 - {Les} origines religieuses de l’idée de progrès},
	url = {https://www.cairn.info/peut-on-encore-croire-au-progres--9782130509271-p-21.htm},
	abstract = {Cette édition numérique a été réalisée à partir d’un support physique, parfois ancien, conservé au sein du dépôt légal de la Bibliothèque nationale de France, conformément à la loi n° 2012-287 du 1er mars 2012 relative à l’exploitation des Livres indisponibles du XXe siècle.},
	language = {FR},
	booktitle = {Peut-on encore croire au progrès ?},
	publisher = {Presses Universitaires de France},
	author = {Bourg, Dominique},
	year = {2000},
	doi = {10.3917/puf.bourg.2000.01.0021},
	pages = {21--40}
}

@incollection{cros_8._2002,
	address = {Paris},
	series = {Recherches},
	title = {8. {L}'innovation en éducation et en formation : topiques et enjeux},
	isbn = {978-2-7071-3695-4},
	shorttitle = {8. {L}'innovation en éducation et en formation : topiques et enjeux},
	url = {https://www.cairn.info/les-logiques-de-l-innovation--9782707136954-p-211.htm},
	abstract = {Qu’il s’agisse de technique, d’organisation du travail, d’éducation ou de bien d’autres domaines, l’innovation est un processus permanent, au cœur de la dynamique des sociétés modernes. Comprendre et maîtriser ses mécanismes sont désormais des enjeux majeurs. Or ceux-ci sont plus complexes qu’on ne le pense. D’où l’intérêt de cet ouvrage, qui présente les résultats d’une recherche pluridisciplinaire sur ces questions. Des chercheurs reconnus pour leurs contributions à l’étude du changement et de l’innovation y analysent les éléments favorisant l’émergence et la diffusion de la nouveauté, mais également son appropriation ou son rejet. L’innovation y est conçue comme un facteur d’accélération de la dynamique économique et sociale, produisant des capacités d’adaptation et de mobilisation, mais aussi des conflits entre acteurs, institutions et individus. L’innovation pose ainsi centralement la question de la coopération, de la négociation, du conflit et de la déviance. Parce que ces questions ne peuvent être sérieusement traitées par une seule discipline, ce livre en mobilise plusieurs. Et il réussit le pari de les amener à travailler en commun. Mais il ne défend pas une « école ». Au contraire, il sollicite le débat. Il s’adresse donc à tous ceux — étudiants, formateurs, chercheurs et praticiens — qui cherchent à connaître les enjeux et les acteurs de l’innovation.},
	language = {FR},
	booktitle = {Les logiques de l'innovation},
	publisher = {La Découverte},
	author = {Cros, Françoise},
	year = {2002},
	pages = {211--240}
}

@incollection{cros_8._2002-1,
	address = {Paris},
	series = {Recherches},
	title = {8. {L}'innovation en éducation et en formation : topiques et enjeux},
	isbn = {978-2-7071-3695-4},
	shorttitle = {8. {L}'innovation en éducation et en formation : topiques et enjeux},
	url = {https://www.cairn.info/les-logiques-de-l-innovation--9782707136954-p-211.htm},
	abstract = {Qu’il s’agisse de technique, d’organisation du travail, d’éducation ou de bien d’autres domaines, l’innovation est un processus permanent, au cœur de la dynamique des sociétés modernes. Comprendre et maîtriser ses mécanismes sont désormais des enjeux majeurs. Or ceux-ci sont plus complexes qu’on ne le pense. D’où l’intérêt de cet ouvrage, qui présente les résultats d’une recherche pluridisciplinaire sur ces questions. Des chercheurs reconnus pour leurs contributions à l’étude du changement et de l’innovation y analysent les éléments favorisant l’émergence et la diffusion de la nouveauté, mais également son appropriation ou son rejet. L’innovation y est conçue comme un facteur d’accélération de la dynamique économique et sociale, produisant des capacités d’adaptation et de mobilisation, mais aussi des conflits entre acteurs, institutions et individus. L’innovation pose ainsi centralement la question de la coopération, de la négociation, du conflit et de la déviance. Parce que ces questions ne peuvent être sérieusement traitées par une seule discipline, ce livre en mobilise plusieurs. Et il réussit le pari de les amener à travailler en commun. Mais il ne défend pas une « école ». Au contraire, il sollicite le débat. Il s’adresse donc à tous ceux — étudiants, formateurs, chercheurs et praticiens — qui cherchent à connaître les enjeux et les acteurs de l’innovation.},
	language = {FR},
	booktitle = {Les logiques de l'innovation},
	publisher = {La Découverte},
	author = {Cros, Françoise},
	year = {2002},
	pages = {211--240}
}

@article{crosaccompagner,
	title = {Accompagner les enseignants innovateurs : une injonction ?},
	volume = {62},
	issn = {97827342117097},
	shorttitle = {Accompagner les enseignants innovateurs : une injonction ?},
	url = {https://www.cairn.info/revue-recherche-et-formation-2009-3-page-39.htm},
	abstract = {Accompagnement et innovation sont deux notions nées conjointement dans la sphère de l’éducation et de la formation. Comment les institutions politiques officielles ont-elles favorisé le développement de l’innovation par l’accompagnement tout en en faisant un outil de leurs orientations et conceptions politiques au service de leurs objectifs ? Cet article tente de montrer, par une approche longitudinale, comment le ministère de l’Éducation nationale s’est appuyé sur les formes diverses de dispositifs d’accompagnement des innovations pour conduire sa politique, sachant que cette dernière est étroitement liée aux conceptions émergeant des textes officiels publiés.},
	language = {FR},
	number = {3},
	journal = {Recherche \& formation},
	author = {Cros, Françoise},
	year = {2009},
	keywords = {accompagnement, compétences, diffusion, innovation, représentations},
	pages = {39--50}
}

@incollection{croslinnovation,
	address = {Louvain-la-Neuve},
	series = {Hors collection},
	title = {L’innovation en formation},
	isbn = {978-2-8041-8842-9},
	shorttitle = {L’innovation en formation},
	url = {https://www.cairn.info/dictionnaire-des-concepts-de-la-professionnalisati--9782804188429-p-169.htm},
	abstract = {La professionnalisation des acteurs constitue une priorité pour les pays qui valorisent l'éducation tout au long de la vie. Les mutations du monde du travail et les besoins d'adaptation des acteurs aux contextes évolutifs ont intensifié l'intérêt pour les questions de formation professionnalisante, de dispositif d'alternance, de validation des acquis de l'expérience, de démarches d'accompagnement à l'insertion professionnelle, de reconnaissance professionnelle.
Afin de permettre aux acteurs de se repérer dans les théories et concepts se rapportant à la professionnalisation, cet ouvrage propose des entrées conceptuelles d'une grande lisibilité. Les cinquante auteurs, qui ont participé à ce projet éditorial, ont particulièrement soigné la présentation des concepts, souligné les enjeux de débat autour de chaque concept et veillé à proposer des références complémentaires aux lecteurs.
Ce dictionnaire de la professionnalisation est un outil indispensable pour les étudiants de licence, master et doctorat, il est aussi un instrument pour les intervenants (formateurs, consultants, chercheurs, experts) du champ de la formation.},
	language = {FR},
	booktitle = {Dictionnaire des concepts de la professionnalisation},
	publisher = {De Boeck Supérieur},
	author = {Cros, Françoise},
	year = {2013},
	doi = {10.3917/dbu.devel.2013.02.0169},
	pages = {169--175}
}

@book{cros_agir_2007,
	address = {Louvain-la-Neuve},
	series = {Perspectives en éducation et formation},
	title = {L'agir innovationnel. {Entre} créativité et formation},
	isbn = {978-2-8041-5525-4},
	url = {https://www.cairn.info/l-agir-innovationnel--9782804155254.htm},
	abstract = {Issu des réflexions d’un groupe d’universitaires, cet ouvrage répond à un ensemble de questions posées à l’innovation en éducation et en formation en tant que processus de professionnalisation basé sur la créativité, et à son corollaire de tentatives d’élucidation de la spécificité de la démarche de professionnalisation par l’innovation.  En effet, en quoi la mise en œuvre de l’innovation (dans le cadre du travail ou dans celui de la formation professionnelle) peut-elle produire des compétences professionnelles qu’aucune autre activité ne saurait engendrer ?

Ce livre alimente cette réflexion à partir de l’étude critique de quelques manifestations innovantes interrogées au regard de leur qualité professionnalisante, c'est-à-dire de leur potentialité de développement de compétences professionnelles nouvelles. Plusieurs niveaux institutionnels sont ainsi étudiés : l’université et ses acteurs, l’enseignement primaire et secondaire ainsi que son personnel, la formation des adultes et certaines modalités de cette formation, notamment celles qui s’appuient sur la réflexivité. Cette analyse ouvre également sur l’international en ce que les exemples analysés appartiennent aussi bien à la Belgique, à la France, au Québec, à la Suisse qu’à la Tunisie.},
	language = {FR},
	publisher = {De Boeck Supérieur},
	author = {Cros, Françoise},
	year = {2007}
}

@incollection{cohen_10_2000,
	address = {Paris cedex 14},
	series = {La {Politique} éclatée},
	title = {10 - Évolution biologique et progrès},
	isbn = {978-2-13-050927-1},
	shorttitle = {10 - Évolution biologique et progrès},
	url = {https://www.cairn.info/peut-on-encore-croire-au-progres--9782130509271-p-179.htm},
	abstract = {Cette édition numérique a été réalisée à partir d’un support physique, parfois ancien, conservé au sein du dépôt légal de la Bibliothèque nationale de France, conformément à la loi n° 2012-287 du 1er mars 2012 relative à l’exploitation des Livres indisponibles du XXe siècle.},
	language = {FR},
	booktitle = {Peut-on encore croire au progrès ?},
	publisher = {Presses Universitaires de France},
	author = {Cohen, Claudine},
	year = {2000},
	doi = {10.3917/puf.bourg.2000.01.0179},
	pages = {179--195}
}

@incollection{klein_4_2000,
	address = {Paris cedex 14},
	series = {La {Politique} éclatée},
	title = {4 - {Les} vacillements de l’idée de progrès},
	isbn = {978-2-13-050927-1},
	shorttitle = {4 - {Les} vacillements de l’idée de progrès},
	url = {https://www.cairn.info/peut-on-encore-croire-au-progres--9782130509271-p-67.htm},
	abstract = {Cette édition numérique a été réalisée à partir d’un support physique, parfois ancien, conservé au sein du dépôt légal de la Bibliothèque nationale de France, conformément à la loi n° 2012-287 du 1er mars 2012 relative à l’exploitation des Livres indisponibles du XXe siècle.},
	language = {FR},
	booktitle = {Peut-on encore croire au progrès ?},
	publisher = {Presses Universitaires de France},
	author = {Klein, Etienne},
	year = {2000},
	doi = {10.3917/puf.bourg.2000.01.0067},
	pages = {67--77}
}

@incollection{besnier_2_2000,
	address = {Paris cedex 14},
	series = {La {Politique} éclatée},
	title = {2 - {La} volonté d’avenir en défaut},
	isbn = {978-2-13-050927-1},
	shorttitle = {2 - {La} volonté d’avenir en défaut},
	url = {https://www.cairn.info/peut-on-encore-croire-au-progres--9782130509271-p-41.htm},
	abstract = {Cette édition numérique a été réalisée à partir d’un support physique, parfois ancien, conservé au sein du dépôt légal de la Bibliothèque nationale de France, conformément à la loi n° 2012-287 du 1er mars 2012 relative à l’exploitation des Livres indisponibles du XXe siècle.},
	language = {FR},
	booktitle = {Peut-on encore croire au progrès ?},
	publisher = {Presses Universitaires de France},
	author = {Besnier, Jean-Michel},
	year = {2000},
	doi = {10.3917/puf.bourg.2000.01.0041},
	pages = {41--51}
}

@incollection{bourg_1_2000-1,
	address = {Paris cedex 14},
	series = {La {Politique} éclatée},
	title = {1 - {Les} origines religieuses de l’idée de progrès},
	isbn = {978-2-13-050927-1},
	shorttitle = {1 - {Les} origines religieuses de l’idée de progrès},
	url = {https://www.cairn.info/peut-on-encore-croire-au-progres--9782130509271-p-21.htm},
	abstract = {Cette édition numérique a été réalisée à partir d’un support physique, parfois ancien, conservé au sein du dépôt légal de la Bibliothèque nationale de France, conformément à la loi n° 2012-287 du 1er mars 2012 relative à l’exploitation des Livres indisponibles du XXe siècle.},
	language = {FR},
	booktitle = {Peut-on encore croire au progrès ?},
	publisher = {Presses Universitaires de France},
	author = {Bourg, Dominique},
	year = {2000},
	doi = {10.3917/puf.bourg.2000.01.0021},
	pages = {21--40}
}

@article{bontems_what_2014,
	title = {What does {Innovation} stand for? {Review} of a watchword in research policies},
	volume = {15},
	shorttitle = {What does {Innovation} stand for? {Review} of a watchword in research policies},
	url = {https://www.cairn.info/revue-journal-of-innovation-economics-2014-3-page-39.htm},
	doi = {10.3917/jie.015.0039},
	language = {FR},
	number = {3},
	journal = {Journal of Innovation Economics \& Management},
	author = {Bontems, Vincent Karim},
	year = {2014},
	pages = {39--57}
}

@book{bourg_peut-encore_2000,
	address = {Paris cedex 14},
	series = {La {Politique} éclatée},
	title = {Peut-on encore croire au progrès ?},
	isbn = {978-2-13-050927-1},
	url = {https://www.cairn.info/peut-on-encore-croire-au-progres--9782130509271.htm},
	abstract = {Cette édition numérique a été réalisée à partir d’un support physique, parfois ancien, conservé au sein du dépôt légal de la Bibliothèque nationale de France, conformément à la loi n° 2012-287 du 1er mars 2012 relative à l’exploitation des Livres indisponibles du XXe siècle.},
	language = {FR},
	publisher = {Presses Universitaires de France},
	author = {Bourg, Dominique and Besnier, Jean-Michel},
	year = {2000}
}
