@book{bacon,
  author = {Bacon, F},
  booktitle = {Les essais ou conseils, civils et moraux},
  title = {{Les essais ou conseils, civils et moraux}},
  year = {1625}
}
@book{besnier,
  author = {Besnier, J.-M.},
  booktitle = {Peut-on encore croire au progrès},
  title = {{La volonté d’avenir en défaut}},
  isbn = {9782130509271},
  publisher = {Presses Universitaires de France},
  pages = {},
  Owner = {Besnier, J.-M. et Bourg, D.},
  Address = {Paris},
  doi = {doi:10.3917/puf.bourg.2000.01.0041.},
  year = {2000}
}
@book{bourg,
  author = {Bourg, D.},
  booktitle = {Peut-on encore croire au progrès},
  title = {{Les origines religieuses de l’idée de progrès}},
  isbn = {9782130509271},
  publisher = {Presses Universitaires de France},
  Owner = {Besnier, J.-M. et Bourg, D.},
  Address = {Paris},
  doi = {doi:10.3917/puf.bourg.2000.01.0041.},
  year = {2000}
}
@book{cohen,
  author = {Cohen, C.},
  booktitle = {Peut-on encore croire au progrès},
  title = {{Les origines religieuses de l’idée de progrès}},
  isbn = {9782130509271},
  publisher = {Presses Universitaires de France},
  Owner = {Besnier, J.-M. et Bourg, D.},
  Address = {Paris},
  doi = {doi:10.3917/puf.bourg.2000.01.0041.},
  year = {2000}
}
@book{klein,
  author = {Klein, E.},
  booktitle = {Peut-on encore croire au progrès},
  title = {{Les vacillements de l’idée de progrès}},
  isbn = {9782130509271},
  publisher = {Presses Universitaires de France},
  Owner = {Besnier, J.-M. et Bourg, D.},
  Address = {Paris},
  doi = {doi:10.3917/puf.bourg.2000.01.0067.},
  year = {2000}
}

@book{bacon,
  author = {Bacon, F.},
  title = {Les essais ou conseils, civils et moraux},
  year = {1625}
}

@article{bitese,
  author = {Bontems, V.},
  booktitle = {La lettre de l’i-tese},
  title = {Que peut-on attendre de l'innovation ?},
  publisher = {CEA},
  year = {2014}
}

@article{bontems,
  author = {Bontems, V.},
  booktitle = {La lettre de l’i-tese},
  title = {What does Innovation stand for? Review of a watchword in research policies},
  publisher = {Journal of Innovation Economics & Management},
  pages = {39-57},
  doi = {doi:10.3917/jie.015.0039},
  year = {2014}
}

@book{crosl,
  author = {Cros, F.},
  booktitle = {Les logiques de l'innovation: Approche pluridisciplinaire},
  title = {{L'innovation en éducation et en formation : topiques et enjeux}},
  isbn = {9782707136954},
  publisher = {La Découverte},
  Owner = {Alter, N.},
  Address = {Paris},
  year = {2000}
}

@article{crosep,
  author = {Cros, F.},
  booktitle = {Education Permantente},
  title = {{L'innovation en éducation et en formation : topiques et enjeux}},
  publisher = {Education Permantente},
  Address = {Paris},
  year = {1998}
}



















